%Referencias bibliográficas

@ARTICLE {Rojas2022,
    author = "Rojas Rojas, L.  and Ulloa Fernández, A. and Castro Piedra, S. and Vargas Segura, W. and Guillén Girón, T.",
    title = "Evaluation of Biomechanical and Chemical Properties of Gamma-Irradiated Polycaprolactone Microfilaments for Musculoskeletal Tissue Engineering Applications",
    journal = "International Journal of Biomaterials",
    year  = "2022",
    month = "04",
    publisher = {Hindawi},
    doi = "https://doi.org/10.1155/2022/5266349"
}
